@inproceedings{bishop2003survey,
  title={A Survey of Middleware.},
  author={Bishop, Toni A and Karne, Ramesh K},
  booktitle={Computers and Their Applications},
  pages={254--258},
  year={2003}
}

@inproceedings{falkner1999implementing,
  title={Implementing asynchronous remote method invocation in Java},
  author={Falkner, KE Kerry and Coddington, Paul D and Oudshoorn, Michael J},
  booktitle={Proc. the Parallel and Real-Time Systems Conference},
  year={1999}
}
@book{schmidt2013pattern,
  title={Pattern-Oriented Software Architecture, Patterns for Concurrent and Networked Objects},
  author={Schmidt, Douglas C and Stal, Michael and Rohnert, Hans and Buschmann, Frank},
  volume={2},
  year={2013},
  publisher={John Wiley \& Sons}
}

@inproceedings{baker1977incremental,
  title={The incremental garbage collection of processes},
  author={Baker Jr, Henry C and Hewitt, Carl},
  booktitle={ACM Sigplan Notices},
  volume={12},
  number={8},
  pages={55--59},
  year={1977},
  organization={ACM}
}

@article{foster2006grid,
  title={What is the grid? a three point checklist, July 2002},
  author={Foster, Ian},
  journal={ThreePoint-Check. pdf},
  year={2006}
}

@book{foster2003grid,
  title={The Grid 2: Blueprint for a new computing infrastructure},
  author={Foster, Ian and Kesselman, Carl},
  year={2003},
  publisher={Elsevier}
}

@book{Gamma05a,
  author={E. Gamma and R. Helm and R. Johnson and J. Vlissides},
  title={Design Patterns: Elements of Reusable Object-Oriented Software},
  year={2005},
  publisher={Addison-Wesley}
}

@inproceedings{sadashiv2011cluster,
  title={Cluster, grid and cloud computing: A detailed comparison},
  author={Sadashiv, Naidila and Kumar, SM Dilip},
  booktitle={Computer Science \& Education (ICCSE), 2011 6th International Conference on},
  pages={477--482},
  year={2011},
  organization={IEEE}
}

@article{yu2005taxonomy,
  title={A taxonomy of workflow management systems for grid computing},
  author={Yu, Jia and Buyya, Rajkumar},
  journal={Journal of Grid Computing},
  volume={3},
  number={3-4},
  pages={171--200},
  year={2005},
  publisher={Springer}
}

@article{buyya2009cloud,
  title={Cloud computing and emerging IT platforms: Vision, hype, and reality for delivering computing as the 5th utility},
  author={Buyya, Rajkumar and Yeo, Chee Shin and Venugopal, Srikumar and Broberg, James and Brandic, Ivona},
  journal={Future Generation computer systems},
  volume={25},
  number={6},
  pages={599--616},
  year={2009},
  publisher={Elsevier}
}

@inproceedings{zaharia2012resilient,
  title={Resilient distributed datasets: A fault-tolerant abstraction for in-memory cluster computing},
  author={Zaharia, Matei and Chowdhury, Mosharaf and Das, Tathagata and Dave, Ankur and Ma, Justin and McCauley, Murphy and Franklin, Michael J and Shenker, Scott and Stoica, Ion},
  booktitle={Proceedings of the 9th USENIX conference on Networked Systems Design and Implementation},
  pages={2--2},
  year={2012},
  organization={USENIX Association}
}

@article{tanenbaum4andrew,
  title={Computernetzwerke},
  author={Tanenbaum, S},
  journal={Pearson Verlag GmbH, M{\"u}nchen}
}

@article{qooxdoo,
  author = {1\&1},
  title = {{Qooxdoo Libary}},
  year = 2016,
  journal={http://qooxdoo.org},
  urldate = {2016-07-05}
}

@article{async,
  author = {{Async Project}},
  title = {Async JavaScript Libary},
  year = 2016,
  journal={http://caolan.github.io/async},
  urldate = {2016-07-05}
}


@article{w3cX,
  author = {{W3C}},
  title = {XMLHttpRequest Level 1},
  year = 2014,
  journal={https://www.w3.org/TR/XMLHttpRequest/},
  url = {https://www.w3.org/TR/XMLHttpRequest/},
  urldate = {2016-08-16}
}


@article{nodecite,
  author = {{Node.js Foundation}},
  title = {NodeJs About},
  year = 2016,
  journal={https://nodejs.org/en/about/},
  url = {https://nodejs.org/en/about/},
  urldate = {2016-08-16}
}
