@inproceedings{bishop2003survey,
  title={A Survey of Middleware.},
  author={Bishop, Toni A and Karne, Ramesh K},
  booktitle={Computers and Their Applications},
  pages={254--258},
  year={2003}
}

@inproceedings{falkner1999implementing,
  title={Implementing asynchronous remote method invocation in Java},
  author={Falkner, KE Kerry and Coddington, Paul D and Oudshoorn, Michael J},
  booktitle={Proc. the Parallel and Real-Time Systems Conference},
  year={1999}
}
@book{schmidt2013pattern,
  title={Pattern-Oriented Software Architecture, Patterns for Concurrent and Networked Objects},
  author={Schmidt, Douglas C and Stal, Michael and Rohnert, Hans and Buschmann, Frank},
  volume={2},
  year={2013},
  publisher={John Wiley \& Sons}
}

@inproceedings{baker1977incremental,
  title={The incremental garbage collection of processes},
  author={Baker Jr, Henry C and Hewitt, Carl},
  booktitle={ACM Sigplan Notices},
  volume={12},
  number={8},
  pages={55--59},
  year={1977},
  organization={ACM}
}

@article{foster2006grid,
  title={What is the grid? a three point checklist, July 2002},
  author={Foster, Ian},
  journal={ThreePoint-Check. pdf},
  year={2006}
}

@book{foster2003grid,
  title={The Grid 2: Blueprint for a new computing infrastructure},
  author={Foster, Ian and Kesselman, Carl},
  year={2003},
  publisher={Elsevier}
}

@inproceedings{sadashiv2011cluster,
  title={Cluster, grid and cloud computing: A detailed comparison},
  author={Sadashiv, Naidila and Kumar, SM Dilip},
  booktitle={Computer Science \& Education (ICCSE), 2011 6th International Conference on},
  pages={477--482},
  year={2011},
  organization={IEEE}
}

@article{yu2005taxonomy,
  title={A taxonomy of workflow management systems for grid computing},
  author={Yu, Jia and Buyya, Rajkumar},
  journal={Journal of Grid Computing},
  volume={3},
  number={3-4},
  pages={171--200},
  year={2005},
  publisher={Springer}
}

@article{buyya2009cloud,
  title={Cloud computing and emerging IT platforms: Vision, hype, and reality for delivering computing as the 5th utility},
  author={Buyya, Rajkumar and Yeo, Chee Shin and Venugopal, Srikumar and Broberg, James and Brandic, Ivona},
  journal={Future Generation computer systems},
  volume={25},
  number={6},
  pages={599--616},
  year={2009},
  publisher={Elsevier}
}